
%Choudhuri Physics of Fluids and Plasmas
@BOOK{Choudhuri,
       author = {{Choudhuri}, Arnab Rai},
        title = "{The Physics of Fluids and Plasmas: An Introduction for Astrophysicists}",
         year = 1998,
          doi = {10.1017/CBO9781139171069},
       adsurl = {https://ui.adsabs.harvard.edu/abs/1998pfp..book.....C},
      adsnote = {Provided by the SAO/NASA Astrophysics Data System}
}

@BOOK{Leishman,
       author = {{Leishman}, J. Gordon},
        title = "{Introduction to Aerospace Flight Vehicles}",
         year = 2022,
       adsurl = {https://eaglepubs.erau.edu/introductiontoaerospaceflightvehicles/},
}

@ARTICLE{Kolecki,
       author = {{Kolecki}, Joseph C.},
        title = "{An Introduction to Tensors for Students of Physics and Engineering}",
         year = 2002,
       adsurl = {https://www.grc.nasa.gov/www/k-12/Numbers/Math/documents/Tensors_TM2002211716.pdf},
}

@ARTICLE{DullemondPeeters,
       author = {{Dullemond}, Cornelis and {Peeters}, Kasper},
        title = "{Introduction to Tensor Calculus}",
         year = 1991,
       adsurl = {https://www.ita.uni-heidelberg.de/~dullemond/lectures/tensor/tensor.pdf},
}

@ARTICLE{Wheeler,
       author = {{Wheeler}},
        title = "{The Levi-Civita tensor}",
         year = 2012,
       adsurl = {https://www.physics.usu.edu/Wheeler/ClassicalMechanics/CMnotesLeviCivita.pdf},
}

@ARTICLE{HoefnerRickman,
       author = {{H\"ofner}, Susanne and {Rickman}, Hans},
        title = "{Astrophysical Dynamics}",
         year = 2010,
       adsurl = {https://www.astro.uu.se/~hoefner/astro/teach/apd_vt10_files.html},
}

@ARTICLE{Dullemond,
       author = {{Dullemond}, Cornelis},
        title = "{Numerical Hydrodynamics}",
         year = 2011,
       adsurl = {https://www.ita.uni-heidelberg.de/~dullemond/lectures/num_fluid_2011/index.shtml},
}


@ARTICLE{Sormani22,
       author = {{Sormani}, Mattia},
        title = "{Lecture Notes in Astrophysical Fluid Dynamics}",
         year = 2022,
       adsurl = {https://www.ita.uni-heidelberg.de/~mattia/teaching/AFD_2022.pdf},
}

@ARTICLE{vanBiezen,
       author = {{Van Biezen}, Michel},
        title = "{Lecture on Tensors}",
         year = 2012,
       adsurl = {http://www.ilectureonline.com/lectures/subject/MATH/22/340},
}




%C. Dullemond lecture notes.
%Tensors \url{http://www.ilectureonline.com/lectures/subject/MATH/22/340}


